% Website
@misc{zd ,
    author = {Stephanie Condon},
    title = {Portland kicks off smart city initiative with traffic sensor safety project},
    howpublished = {Available at \url{https://www.zdnet.com/article/portland-kicks-off-smart-city-initiative-with-traffic-sensor-safety-project/} (2018/06/19)}
}
% Conversation
@misc{li ,
    author = {Fuxin Li},
    month = {October},
    year = {2018},
    howpublished = {Group meeting}
}
@ARTICLE{YOLOv3,
   author = {{Redmon}, J. and {Farhadi}, A.},
    title = "{YOLOv3: An Incremental Improvement}",
  journal = {ArXiv e-prints},
archivePrefix = "arXiv",
   eprint = {1804.02767},
 primaryClass = "cs.CV",
 keywords = {Computer Science - Computer Vision and Pattern Recognition},
     year = 2018,
    month = apr,
   adsurl = {http://adsabs.harvard.edu/abs/2018arXiv180402767R},
  adsnote = {Provided by the SAO/NASA Astrophysics Data System}
}
@ARTICLE{CNN,
   author = {{Hu}, G. and {Yang}, Y. and {Yi}, D. and {Kittler}, J. and {Christmas}, W. and 
	{Li}, S.~Z. and {Hospedales}, T.},
    title = "{When Face Recognition Meets with Deep Learning: an Evaluation of Convolutional Neural Networks for Face Recognition}",
  journal = {ArXiv e-prints},
archivePrefix = "arXiv",
   eprint = {1504.02351},
 primaryClass = "cs.CV",
 keywords = {Computer Science - Computer Vision and Pattern Recognition, Computer Science - Machine Learning, Computer Science - Neural and Evolutionary Computing},
     year = 2015,
    month = apr,
   adsurl = {http://adsabs.harvard.edu/abs/2015arXiv150402351H},
  adsnote = {Provided by the SAO/NASA Astrophysics Data System}
}